<record><leader>00000cas a2200000 a 4500</leader><controlfield tag="001">40442237</controlfield><controlfield tag="008">981204d187718uumiuwr n       0    0eng c</controlfield><datafield ind1=" " ind2=" " tag="010"><subfield code="a">sn 98066970 </subfield></datafield><datafield ind1=" " ind2=" " tag="040"><subfield code="a">MHN</subfield><subfield code="b">eng</subfield><subfield code="c">MHN</subfield><subfield code="d">OCL</subfield><subfield code="d">OCLCQ</subfield><subfield code="d">OCLCF</subfield><subfield code="d">OCLCO</subfield></datafield><datafield ind1="1" ind2=" " tag="029"><subfield code="a">AU@</subfield><subfield code="b">000014355978</subfield></datafield><datafield ind1=" " ind2=" " tag="042"><subfield code="a">pcc</subfield></datafield><datafield ind1=" " ind2=" " tag="043"><subfield code="a">n-us-mi</subfield></datafield><datafield ind1="0" ind2="0" tag="245"><subfield code="a">Missaukee independent.</subfield></datafield><datafield ind1=" " ind2=" " tag="260"><subfield code="a">Lake City, Mich. :</subfield><subfield code="b">M.T. Woodruff</subfield></datafield><datafield ind1=" " ind2=" " tag="300"><subfield code="a">v.</subfield></datafield><datafield ind1=" " ind2=" " tag="310"><subfield code="a">Weekly</subfield></datafield><datafield ind1="0" ind2=" " tag="362"><subfield code="a">1st yr., no. 1 (Mar. 16, 1887)-</subfield></datafield><datafield ind1=" " ind2="0" tag="651"><subfield code="a">Lake City (Mich.)</subfield><subfield code="v">Newspapers.</subfield></datafield><datafield ind1=" " ind2="0" tag="651"><subfield code="a">Missaukee County (Mich.)</subfield><subfield code="v">Newspapers.</subfield></datafield><datafield ind1=" " ind2="7" tag="655"><subfield code="a">Newspapers.</subfield><subfield code="2">fast</subfield><subfield code="0">(OCoLC)fst01423814</subfield></datafield><datafield ind1=" " ind2="7" tag="651"><subfield code="a">Michigan</subfield><subfield code="z">Lake City.</subfield><subfield code="2">fast</subfield><subfield code="0">(OCoLC)fst01233292</subfield></datafield><datafield ind1=" " ind2="7" tag="651"><subfield code="a">Michigan</subfield><subfield code="z">Missaukee County.</subfield><subfield code="2">fast</subfield><subfield code="0">(OCoLC)fst01216500</subfield></datafield><datafield ind1=" " ind2=" " tag="752"><subfield code="a">United States</subfield><subfield code="b">Michigan</subfield><subfield code="c">Missaukee</subfield><subfield code="d">Lake City.</subfield></datafield><datafield ind1="0" ind2="0" tag="785"><subfield code="t">Plain dealer (Lake City, Mich.)</subfield><subfield code="w">(DLC)sn 98058166</subfield><subfield code="w">(OCoLC)40442313</subfield></datafield></record>